@book{Levenshtein,
	author="Левенштейн В. И.",
	title="Двоичные коды с исправлением выпадений, вставок и замещений символов",
	publisher="Доклады АН СССР",
	volume=163,
	chapter = 4,
	pages = "845--848",
	language = "russian",
	year = 1965
}
@book{editor_distance,
	author="Гасфилд Д.",
	title="Строки, деревья и последовательности в алгоритмах",
	publisher="БХВ-Петербург",
	pages = "269--272",
	language = "russian",
	year = 2003
}
@book{dynamic_programming,
	author="Thomas, H. Cormen and Charles, E. Leiserson and Ronald, L. Rivest and Clifford Stein",
	title="Introduction to Algorithms, 3rd Edition",
	pages = "359--414",
	language = "english",
	year = 2009
}
@misc{golang,
	title="The Go Programming Language [Электронный ресурс]",
	howpublished="Режим доступа: \url{https://golang.org/} (дата обращения: 17.09.2021)"
}

@misc{gotest,
	title="testing -- The Go Programming Language [Электронный ресурс]",
	howpublished="Режим доступа: \url{https://golang.org/pkg/testing/} (дата обращения: 17.09.2021)"
}

@misc{ubuntu,
	title="Ubuntu -- Enterprise Open Source and Linux[Электронный ресурс]",
	howpublished="Режим доступа: \url{https://ubuntu.com/} (дата обращения: 17.09.2021)"
}

@misc{linux,
	title="Linux -- Википедия [Электронный ресурс]",
	howpublished="Режим доступа: \url{https://ru.wikipedia.org/wiki/Linux} (дата обращения: 17.09.2021)"
}

@misc{intel,
	title="Процессор Intel® Core™ i5-8300H [Электронный ресурс]",
	howpublished="Режим доступа: \url{https://www.intel.ru/content/www/ru/ru/products/sku/134876/intel-core-i58300h-processor-8m-cache-up-to-4-00-ghz/specifications.html} (дата обращения: 17.09.2021)"
}
